@misc{sportsbettingmarketsize,
    author       = {Statista},
    title        = {Online Sports Betting - {United} {States}},
    year         = {2024},
    url          = {https://www.statista.com/outlook/amo/online-gambling/online-sports-betting/united-states},
    note         = {Accessed: 2024-10-03}
}

@misc{nflbettingamount,
    author       = {American Gaming Association},
    title        = {2024 {NFL} Wagering Estimates},
    year         = {2024},
    url          = {https://www.americangaming.org/resources/2024-nfl-wagering-estimates/},
    note         = {Accessed: 2024-10-03}
}